@Book{knuth:84,
  author = 	 {Donald E. Knuth},
  title = 	 {The {\TeX} Book},
  publisher = 	 {Addison-Wesley},
  year = 	 {1984},
  edition = 	 {15th}
}

@InCollection{boulic:91,
  author = 	 {R. Boulic and O. Renault},
  title = 	 {3D Hierarchies for Animation},
  booktitle = 	 {New Trends in Animation and Visualization},
  publisher =    {John Wiley {\&} Sons ltd.},
  year = 	 {1991},
  editor = 	 {Nadia Magnenat-Thalmann and Daniel Thalmann}
}

@InCollection{smith:99,
  author = 	 {A. Smith and B. Jones},
  title = 	 {On the Complexity of Computing},
  booktitle = 	 {Advances in Computer Science},
  pages = 	 {555--566},
  publisher =    {Publishing Press},
  year = 	 {1999},
  editor = 	 {A. B. Smith-Jones}
}

@inproceedings{be:97,
 author = {Bernstein, Ethan and Vazirani, Umesh},
 title = {Quantum Complexity Theory},
 booktitle = {Proceedings of the Twenty-fifth Annual ACM Symposium on Theory of Computing},
 series = {STOC '93},
 year = {1993},
 isbn = {0-89791-591-7},
 location = {San Diego, California, USA},
 pages = {11--20},
 numpages = {10},
 url = {http://doi.acm.org/10.1145/167088.167097},
 doi = {10.1145/167088.167097},
 acmid = {167097},
 publisher = {ACM},
 address = {New York, NY, USA},
} 

@article{shi:03,
 author = {Shi, Yaoyun},
 title = {Both Toffoli and controlled-NOT Need Little Help to Do Universal Quantum Computing},
 journal = {Quantum Info. Comput.},
 issue_date = {January 2003},
 volume = {3},
 number = {1},
 month = jan,
 year = {2003},
 issn = {1533-7146},
 pages = {84--92},
 numpages = {9},
 url = {http://dl.acm.org/citation.cfm?id=2011508.2011515},
 acmid = {2011515},
 publisher = {Rinton Press, Incorporated},
 address = {Paramus, NJ},
 keywords = {controlled-NOT, quantum circuit, toffoli, universal basis, universal quantum computation},
} 

@article{da:06,
 author = {Dawson, Christopher M. and Nielsen, Michael A.},
 title = {The Solovay-Kitaev Algorithm},
 journal = {Quantum Info. Comput.},
 issue_date = {January 2006},
 volume = {6},
 number = {1},
 month = jan,
 year = {2006},
 issn = {1533-7146},
 pages = {81--95},
 numpages = {15},
 url = {http://dl.acm.org/citation.cfm?id=2011679.2011685},
 acmid = {2011685},
 publisher = {Rinton Press, Incorporated},
 address = {Paramus, NJ},
 keywords = {Solovay-Kitaev algorithm, fault-tolerance, universality}
} 

@article{ag:02,
    author = {Manindra Agrawal and Neeraj Kayal and Nitin Saxena},
    title = {PRIMES is in P},
    journal = {Ann. of Math},
    year = 2002,
    volume = 2,
    pages = {781--793}
}

@article{ad:97,
author = {Adleman, L.M. and Demarrais, J and Huang, M.-D.A.},
year = {1997},
month = {10},
pages = {1524-1540},
title = {Quantum computability},
volume = {26},
booktitle = {SIAM Journal on Computing}
}

@inproceedings{si:94,
 author = {Simon, D. R.},
 title = {On the Power of Quantum Computation},
 booktitle = {Proceedings of the 35th Annual Symposium on Foundations of Computer Science},
 series = {SFCS '94},
 year = {1994},
 isbn = {0-8186-6580-7},
 pages = {116--123},
 numpages = {8},
 doi = {10.1109/SFCS.1994.365701},
 acmid = {1399019},
 publisher = {IEEE Computer Society},
 address = {Washington, DC, USA},
 keywords = {integer factoring, quantum computation, quantum model of computation, probabilistic model, probabilistic Turing Machine, complexity theory, discrete logarithm},
} 


@inproceedings{aa:09,
 author = {Aaronson, Scott},
 title = {BQP and the Polynomial Hierarchy},
 booktitle = {Proceedings of the Forty-second ACM Symposium on Theory of Computing},
 series = {STOC '10},
 year = {2009},
 isbn = {978-1-4503-0050-6},
 location = {Cambridge, Massachusetts, USA},
 pages = {141--150},
 numpages = {10},
 url = {http://doi.acm.org/10.1145/1806689.1806711},
 doi = {10.1145/1806689.1806711},
 acmid = {1806711},
 publisher = {ACM},
 address = {New York, NY, USA},
 keywords = {constant-depth circuits, fourier analysis, linial-nisan conjecture, quantum complexity classes},
} 


@ARTICLE {ra:18,
    author  = "Ran Raz, Avishay Tal",
    title   = "Oracle Separation of BQP and PH Contact Add Comment RSS-Feed",
    journal = "Eletronic Colloquim on  Computation Complexity",
    year    = "2018",
    month   = "may"
}

@INPROCEEDINGS{gr:96,
    author = {Lov K. Grover},
    title = {A Fast Quantum Mechanical Algorithm for Database Search},
    booktitle = {ANNUAL ACM SYMPOSIUM ON THEORY OF COMPUTING},
    year = {1996},
    pages = {212--219},
    publisher = {ACM}
}